@book{Lee:IntSmMan,
  author = {John M. Lee},
  year = {2012},
  title = {Introduction to Smooth Manifolds},
  publisher = {Springer},
  edition={2}
}

@book{Lee:IntRiemMan,
  author = {John M. Lee},
  year = {2018},
  title = {Introduction to Riemannian Manifolds},
  publisher = {Springer},
  edition={2}
}

@book{Tu:DiffGeo,
  author = {Loring W. Tu},
  year = {2017},
  title = {Differential Geometry: Connections, Curvature and Characteristic Classes},
  publisher = {Springer},
}

@book{Warner:DiffMan,
  author = {Frank W. Warner},
  year = {1983},
  title = {Foundations of Differentiable Manifolds and Lie Groups},
  publisher = {Springer},
}

@book{Land:FundDiff,
  author = {Serge Lang},
  year = {1998},
  title = {Fundamentals of Differential Geometry},
  publisher = {Springer},
}

@book{Lee:ManDiffGeo,
  author = {Jeffrey M. Lee},
  year = {2009},
  title = {Manifolds and Differential Geometry},
  publisher = {American Mathematical Society},
}

@book{KN:FundDiffGeo,
  author = {Shoshichi Kobayashi, Katsumi Nomizu},
  year = {1963-69},
  title = {Foundations of Differential Geometry Vol. I-II},
  publisher = {Interscience Publishers},
}

@book{Besse:Einstein,
  author = {Arthur L. Besse},
  year = {1983},
  title = {Einstein Manifolds},
  publisher = {Springer},
}

@book{Maurin:Riemann,
  author = {Krzysztof Maurin},
  year = {1997},
  title = {The Riemann Legacy},
  publisher = {Springer},
}

@book{Saunders:Jets,
  author = {D.J. Saunders},
  year = {1989},
  title = {The Geometry of Jet Bundles},
  publisher = {Cambridge University Press},
}

@book{Helg:Symm,
  author = {Sigurdur Helgason},
  year = {2001},
  title = {Differential Geometry, Lie Groups and Symmetric Spaces},
  publisher = {American Mathematical Society},
}

@book{Silva:Sympl,
  author = {Ana Cannas Silva},
  year = {2001},
  title = {Lectures on Symplectic Geometry},
  publisher = {Springer},
}

@book{McDuff:SymplTop,
  author = {Dusa McDuff, Dietmar Salamon},
  year = {2017},
  title = {Introduction to Symplectic Topology},
  publisher = {Oxford University Press},
edition={3},
}

@book{Span:AlgTop,
  author = {Edwin H. Spanier},
  year = {1966},
  title = {Algebraic Topology},
  publisher = {Springer},
edition={1},
}

@book{Don:4Man,
  author = {S.K. Donaldson, P. Kronheimer},
  year = {1990},
  title = {The Geometry of Four-Manifolds},
  publisher = {Clarendon Press},
edition={1},
}

@misc{Gutt:SympSyll,
  author        = {Simone Gutt},
  title         = {Lecture notes in Symplectic Geometry},
  publisher={Université Libre de Bruxelles}
}

@article{DatriNickerson:1969,
    author = {J.E. D'Atri, H.K. Nickerson},
    title = {Divergence-Preserving Geodesic Symmetries},
    journal = {Journal Differential Geometry},
    year = {1969}
}

@article{Bert:2011,
    author = {Mélanie Bertelson, Pierre Bieliavsky},
    title = {Affine connections and symmetry jets},
    journal = {Transactions of the American Mathematical Society},
    year = {2011}
}

@article{SkVh:1986,
    author = {K. Sekigawa, L. Vanhecke},
    title = {Symplectic Geodesic Symmetries on Kähler Manifolds},
    journal = {Quarterly Journal of Mathematics},
    year = {1986}
}

@article{Bert:1997,
    author = {Mélanie Bertelson, Michel Cahen, Simone Gutt},
    title = {Equivalence of star products},
    journal = {Classical and Quantum Gravity},
    year = {1997}
}


@article{DatriNickerson:1974,
    author = {J.E. D'Atri, H.K. Nickerson},
    title = {Geodesic Symmetries in Spaces with Special Curvature Tensors},
    journal = {Journal Differential Geometry},
    year = {1974}
}

@article{BourgeoisCahen:1998,
    author = {F. Bourgeois, M. Cahen},
    title = {A variational principle for symplectic connections},
    journal = {Journal Geometry and Physics},
    year = {1998}
}

@article{gray:1972,
    author = {Alfred Gray},
    title = {Riemannian manifolds with geodesic symmetries of order 3},
    journal = {Journal Geometry and Physics},
    year = {1972},
}

@misc{BieliavskyEtAl:2005,
    author = {Pierre Bieliavsky et al.},
    title = {Symplectic Connections},
    year = {2005}
}

@misc{Meinrenken:Sympl,
    author = {Eckhard Meinrenken},
    title = {Symplectic Geometry},
    year = {1998-2000},
    publisher = {Lecture Notes, University of Toronto}
}

@misc{vanderLinden:Homology,
    author = {Tim van der Linden},
    title = {Homological Algebra},
    year = {2022-2023},
    publisher = {Lecture Notes, Université catholique de Louvain}
}

@phdthesis{Ledger:1954,
    author = {A. J. Ledger},
    title = {Harmonic Riemannian Spaces},
    school = {University of Durham},
    year = {1954}
}

@phdthesis{Biel:1995,
    author = {Pierre Bieliavsky},
    title = {Espaces Symétriques Symplectiques},
    school = {Université Libre de Bruxelles},
    year = {1995}
}