@online{Overflow:ManifoldAnalyticStructure,
  author = {Mathoverflow contributors},
  title = {Mathoverflow question "Can every manifold be given an analytic structure?"},
  year = 2009,
  url = {https://mathoverflow.net/questions/8789/can-every-manifold-be-given-an-analytic-structure},
  urldate = {2024-08-25}
}

@online{Stack:WhitneyAnalyticEmbedding,
  author = {Moishe Kohan},
  title = {Stack question "If a manifold admits a real analytic structure then the manifold is analytic?"},
  year = 2021,
  url = {https://math.stackexchange.com/questions/4118543/if-a-manifold-admits-a-real-analytic-structure-then-the-manifold-is-analytic},
  urldate = {2024-08-25}
}

@book{Bourbaki:VarietesDiffAnalytic,
  author = {N. Bourbaki},
  year = {2007},
  title = {Variétés différentielles et analytiques, fascicule de résultats},
  publisher = {Springer},
edition={1},
}

@book{Narasimhan:AnalysisRealComplexMan,
  author = {R. Narasimhan},
  year = {1985},
  title = {Analysis on real and complex manifolds},
  publisher = {North Holland},
edition={2},
}

@misc{personalHand:MasterThesis,
    author = {Maxime Willaert},
    title = {Handwritten notes for master thesis},
    year = {2024},
    publisher = {Personal handwritten notes}
}

@misc{personalHand:Connections,
    author = {Maxime Willaert},
    title = {Handwritten notes on the theory of connections},
    year = {2024},
    publisher = {Personal handwritten notes}
}


